@article {brown_2015,
  title = {Measuring student debt and its performance},
  author = {Brown, Meta and Haughwout, Andrew and Lee, Donghoon and Scally, Joelle and Van Der Klaauw, Wilbert},
  journal = {Student loans and the dynamics of debt},
  year={2015},
  publisher={WE Upjohn Institute for Employment Research Kalamazoo, MI}
}

@article {brundick_2019,
  title = {The rise and fall of college tuition inflation},
  journal = {Economic Review},
    author = {Bundick, B. and Pollard, E.},
  url = {https://www.kansascityfed.org/documents/461/2019-The\%20Rise\%20and\%20Fall\%20of\%20College\%20Tuition\%20Inflation.pdf},
  year = {2019}
}

@article{bulathwela_2021,
  title = {Could AI Democratise Education? Socio-Technical Imaginaries of an EdTech Revolution},
  author = {Bulathwela, Sahan and P{\'e}rez-Ortiz, Mar{\'\i}a and Holloway, Catherine and Shawe-Taylor, John},
  journal = {arXiv preprint arXiv:2112.02034},
  url = {https://arxiv.org/pdf/2112.02034.pdf},
  year={2021}
}

@article {fountain_2019,
  title = {The postsecondary undergraduate population: Student income and demographics},
  author = {Fountain, Joselynn H},
  journal = {Congressional Research Service},
  url = {https://www.everycrsreport.com/files/20190412_R45686_37729cd7e470779ad91bb562803672bf12d0be8e.pdf},
  year={2019}
}

@article {hamid_2001,
  title = {e-Learning: Is it the “e” or the learning that matters?},
  journal = {Centre for Intellectual Promotions and Technological Advancement},
  author = {Hamid, A.},
  year = {2001},
  url = {https://www.sciencedirect.com/science/article/pii/S1096751601000720}
}

@article {manolev_2019,
  title = {The datafication of discipline: ClassDojo, surveillance and a performative classroom culture},
  author = {Manolev, Jamie and Sullivan, Anna and Slee, Roger},
  journal = {Learning, Media and Technology},
  year={2019},
  publisher={Taylor \& Francis}
}

@book {mirrlees_2019,
  title = {EdTech Inc.: selling, automating and globalizing higher education in the digital age},
  author = {Mirrlees, Tanner and Alvi, Shahid},
  year = {2019},
  publisher = {Routledge}
}

@article {noble_1998,
  title = {Digital diploma mills: The automation of higher education},
  author = {Noble, David F},
  journal = {Science as culture},
  year={1998},
  publisher={Taylor \& Francis},
  url = {https://www.tandfonline.com/doi/pdf/10.1080/09505439809526510}
}

@article {walpole_2003, 
  title = {Socioeconomic Status and College:
How SES Affects College Experiences and Outcomes}, 
  journal = {The Review of Higher Education}, 
  author = {Walpole, M.}, 
  year = {2003}
} 

@book {williamson_2017,
  title = {Big data in education: the digital future of learning, policy and practice},
  author = {Williamson, B.},
  publisher = {Routledge},
    year = {2017}
}

@article {zain_2021,
  title = {Digital transformation trends in education},
  journal = {Future Directions in Digital Information},
  author = {Zain, S.},
  year = {2021}
}

@misc {2020_EU_public_consultation, 
  title = {Commission digital education action plan}, 
  url = {https://ec.europa.eu/
education/education-in-the-eu/
digital-education-action-plan_en}, 
  year = {2021}
} 
